		

% В таком файле ведётся учёт библиографии.

%THEORY


@article{кулешова2020правовое,
  title={ПРАВОВОЕ РЕГУЛИРОВАНИЕ ОТНОШЕНИЙ ПО ДОБЫЧЕ НЕФТИ И ГАЗА: ПОСТАНОВКА ПРОБЛЕМЫ},
  author={Кулешова, Анастасия Николаевна},
  journal={Legal Concept},
  volume={19},
  number={3},
  pages={103--107},
  year={2020},
  publisher={Федеральное государственное бюджетное образовательное учреждение высшего~…}
}



@article{сз2004внесении,
  title={О внесении изменений в Бюджетный кодекс Российской Федерации в части регулирования межбюджетных отношений: ФЗ от 20.08. 2004.№ 120-ФЗ},
  author={СЗ, РФ},
  year={2004}
}





@misc{дискр,
  title = {Постановление Правительства РФ от 29.03.2011 N 218 (ред. от 16.08.2014) "Об обеспечении недискриминационного доступа к услугам субъектов естественных монополий по транспортировке нефти (нефтепродуктов) по магистральным трубопроводам в Российской Федерации и признании утратившими силу некоторых актов Правительства Российской Федерации" (вместе с "Правилами обеспечения недискриминационного доступа к услугам субъектов естественных монополий по транспортировке нефти (нефтепродуктов) по магистральным трубопроводам в Российской Федерации")},
  howpublished = {\url{http://www.consultant.ru/document/cons_doc_LAW_112348/}}
 }


@misc{konst,
  title = {Конституция Российской Федерации},
  howpublished = {\url{http://www.consultant.ru/document/cons_doc_LAW_28399/}}
 }
 
 @misc{стратегия,
  title = {Распоряжение Правительства Российской Федерации от 13 ноября 2009 г. No 1715-р Об утверждении Энергетической стратегии России на период до 2030 года},
  howpublished = {\url{http://docs.cntd.ru/document/902187046}}
 }
 

@misc{безопасность,
  title = {Указ Президента Российской Федерации от 13.05.2017 г. № 208 «О Стратегии экономической безопасности Российской Федерации на период до 2030 года»},
  howpublished = {\url{http://kremlin.ru/acts/bank/41921}}
 }
 
  
  
 @misc{химия,
  title = {Приказ  Минэнерго  России  от  01.03.2012  No  79  (с  изм.  от 06.12.2016)    О  Плане  развития  газо-  и  нефтехимии  России  на  период  до  2030  года },
  howpublished = {\url{http://www.consultant.ru/cons/cgi/online.cgi?req=doc}}
 } 
  
  


 @misc{химиястрат,
  title = {Приказ Минпромторга России No651  Минэнерго  России  No  172  от  08.04.2014.  Об  утверждении  Стратегии  развития  химического  и  нефтехимического комплекса на период до 2030 года },
  howpublished = {\url{http://www.consultant.ru/document/cons_doc_LAW_173997  }}
 } 
  
  
  

  



 
@misc{мазут,
  title = {Постановление Правительства РФ от 27 февраля 2008 г. No 118. Об  утверждении  технического  регламента  «О  требованиях  к  автомобильному и авиационному бензину, дизельному и судовому топливу, топливу для реактивных  двигателей  и  топочному  мазуту»  },
  howpublished = {http://base.garant.ru/192858/}}
 }
  



  
 
@misc{станд,
  title = {Постановление Госстандарта РФ от 23.09.2002  No 96  об  утверждении  «Системы  сертификации  нефтехимической  продукции  "Сепронефтехим"» },
  howpublished = {\url{http://base.garant.ru/12128920/ }}
 } 
 

@misc{nedr,
  title = {Закон РФ "О недрах" от 21.02.1992 N 2395-1 (последняя редакция)},
  howpublished = {\url{http://www.consultant.ru/document/cons_doc_LAW_343/?resource=cons&target=doc}}
 }
 
@misc{тамож,
  title = {Закон  РФ  от  21.05.1993  N  5003-1  (ред.  от  28.12.2016) «О  таможенном  тарифе»  },
  howpublished = {\url{http://www.consultant.ru/document/cons_doc_LAW_1995/}}
 }
 

@misc{изм,
  title = {Федеральный закон "О внесении изменений в главу 26 части второй Налогового кодекса Российской Федерации и статью 3 Федерального закона "О внесении изменений в главы 25 и 26 части второй Налогового кодекса Российской Федерации и статью 3.1 Закона Российской Федерации "О таможенном тарифе" от 28.06.2014 N 187-ФЗ (последняя редакция) },
  howpublished = {\url{http://www.consultant.ru/document/cons_doc_LAW_164863/}}
 }


@misc{нк,
  title = {Налоговый кодекс Российской Федерации от 31. 07. 1998 No 149-ФЗ (с изм. и доп.,  вступ.  в  силу  01.09.2016).  Часть  2. },
  howpublished = {\url{http://base.garant.ru/10900200/ }}
 }


@article{закон2006защите,
  title={О защите конкуренции},
  author={Закон, РФ},
  journal={№ 135-ФЗ},
  year={2006}
}



@article{grazh,
  title={Гражданский кодекс Российской Федерации (часть вторая) от 26.01.1996 г. No 14-ФЗ },
  year={1996},
  volume={5},
  pages={410},
  publisher={Собрание законодательства РФ.}
}


@article{раздел,
  title={Федеральный  закон  от  30  декабря  1995  г.  No  225-ФЗ  «О  соглашениях  о разделе продукции» },
  year={1996},
  volume={1},
  pages={18},
  publisher={Собрание законодательства РФ.}
}


@article{моно,
  title={ Федеральный закон от 17.08.1995 г. No 147-ФЗ «О естественных монополиях» },
  year={1995},
  volume={34},
  pages={3426},
  publisher={Собрание законодательства РФ.}
}



@article{nedr2,
  title={Постановление Верховного Совета Российской Федерации от 15 июля 1992  г.  No  3314-1  «О  порядке  введения  в  действие  Положения  о  порядке  лицензирования пользования недрами},
  year={1992},
  volume={32},
  pages={1917},
  publisher={ ВВС РФ.}
}



@article{shelf,
  title={Федеральный  закон  от  30  ноября  1995  г.  No  187-ФЗ  «О  континентальном шельфе Российской Федерации» },
  year={1995},
  volume={49},
  pages={4556},
  publisher={Собрание законодательства  РФ. }
}


%@article{kostrzewski2019probabilistic,
%  title={Probabilistic electricity price forecasting with Bayesian stochastic volatility models},
%  author={Kostrzewski, Maciej and Kostrzewska, Jadwiga},
%  journal={Energy Economics},
%  year={2019},
%  publisher={Elsevier}
%}


